@article{doss2023deepfakes,
  author = {Doss, C. and Mondschein, J. and Shu, D. and Wolfson, T. and Kopecky, D. and Fitton-Kane, V. A. and Bush, L. and Tucker, C.},
  title = {Deepfakes and scientific knowledge dissemination},
  journal = {Scientific Reports},
  volume = {13},
  number = {1},
  pages = {13429},
  year = {2023},
  doi = {10.1038/s41598-023-39944-3},
  url = {https://doi.org/10.1038/s41598-023-39944-3}
}

@article{fallis2021epistemic,
  author = {Fallis, D.},
  title = {The Epistemic Threat of Deepfakes},
  journal = {Philos Technol},
  volume = {34},
  number = {4},
  pages = {623--643},
  year = {2021},
  doi = {10.1007/s13347-020-00419-2},
  note = {Epub 2020 Aug 6},
  PMID = {32837868},
  PMCID = {PMC7406872}
}

@misc{song2023robustness,
      title={Robustness and Generalizability of Deepfake Detection: A Study with Diffusion Models}, 
      author={Haixu Song and Shiyu Huang and Yinpeng Dong and Wei-Wei Tu},
      year={2023},
      eprint={2309.02218},
      archivePrefix={arXiv},
      primaryClass={cs.CV}
}

@InProceedings{Cao_2022_CVPR,
    author    = {Cao, Junyi and Ma, Chao and Yao, Taiping and Chen, Shen and Ding, Shouhong and Yang, Xiaokang},
    title     = {End-to-End Reconstruction-Classification Learning for Face Forgery Detection},
    booktitle = {Proceedings of the IEEE/CVF Conference on Computer Vision and Pattern Recognition (CVPR)},
    month     = {June},
    year      = {2022},
    pages     = {4113-4122}
}